@inproceedings{Do2013QPS,
 author = {Do, Jaeyoung and Kee, Yang-Suk and Patel, Jignesh M. and Park, Chanik and Park, Kwanghyun and DeWitt, David J.},
 title = {Query Processing on Smart SSDs: Opportunities and Challenges},
 booktitle = {SIGMOD},
 year = {2013},
 pages = {1221--1230},}

@inproceedings{Volos2014,
 author = {Volos, Haris and Nalli, Sanketh and Panneerselvam, Sankarlingam and Varadarajan, Venkatanathan and Saxena, Prashant and Swift, Michael M.},
 title = {Aerie: Flexible File-system Interfaces to Storage-class Memory},
 booktitle = {EuroSys},
 year = {2014},
 isbn = {978-1-4503-2704-6},
 location = {Amsterdam, The Netherlands},
 pages = {1--14},
}

@article{Singhal01,
  author    = {Amit Singhal},
  title     = {Modern Information Retrieval: {A} Brief Overview},
  journal   = {{IEEE} Data Eng. Bull.},
  year      = {2001},
  volume    = {24},
  number    = {4},
  pages     = {35--43},
}

@article{Markatos01,
title = "On caching search engine query results",
journal = "Computer Communications",
volume = "24",
number = "2",
pages = "137--143",
year = "2001",
author = "Evangelos P. Markatos",
}

@inproceedings{Do2011TDB,
 author = {Do, Jaeyoung and Zhang, Donghui and Patel, Jignesh M. and DeWitt, David J. and Naughton, Jeffrey F. and Halverson, Alan},
 title = {Turbocharging DBMS Buffer Pool Using SSDs},
 booktitle = {SIGMOD},
 year = {2011},
 pages = {1113--1124},
}


@article{Agrawal2009,
 author = {Agrawal, Devesh and Ganesan, Deepak and Sitaraman, Ramesh and Diao, Yanlei and Singh, Shashi},
 title = {Lazy-Adaptive Tree: An Optimized Index Structure for Flash Devices},
 journal = {Proc. VLDB Endow.},
 volume = {2},
 number = {1},
 year = {2009},
 pages = {361--372},
}



 @inproceedings {Devesh13,
author = {Devesh Tiwari and Simona Boboila and Sudharshan Vazhkudai and Youngjae Kim and Xiaosong Ma and Peter Desnoyers and Yan Solihin},
title = {Active Flash: Towards Energy-Efficient, In-Situ Data Analytics on Extreme-Scale Machines},
booktitle = {FAST},
year = {2013},
pages = {119--132},
}

@inproceedings{Koltsidas2011,
 author = {Koltsidas, Ioannis and Viglas, Stratis D.},
 title = {Data Management over Flash Memory},
 booktitle = {SIGMOD},
 year = {2011},
 pages = {1209--1212},
}


@inproceedings{KangKMP13,
  author    = {Yangwook Kang and
               Yang{-}Suk Kee and
               Ethan L. Miller and
               Chanik Park},
  title     = {Enabling cost-effective data processing with smart {SSD}},
  booktitle = {MSST},
  year      = {2013},
  pages     = {1--12},
}


@inproceedings{Riedel1998ASL,
 author = {Riedel, Erik and Gibson, Garth A. and Faloutsos, Christos},
 title = {Active Storage for Large-Scale Data Mining and Multimedia},
 booktitle = {VLDB},
 year = {1998},
 pages = {62--73},
}

@article{AthanassoulisACGS10,
  author    = {Manos Athanassoulis and
               Anastasia Ailamaki and
               Shimin Chen and
               Phillip B. Gibbons and
               Radu Stoica},
  title     = {Flash in a {DBMS:} Where and How?},
  journal   = {{IEEE} Data Eng. Bull.},
  year      = {2010},
  volume    = {33},
  number    = {4},
  pages     = {28--34},
}


@misc{Teradata20,
Author={{Teradata Corporation}},
Howpublished={\url{http://www.teradata.com/t/extreme-performance-appliance}},
Title={Teradata Extreme Performance Alliance},
}

@inproceedings{Turpin2007FGR,
 author = {Turpin, Andrew and Tsegay, Yohannes and Hawking, David and Williams, Hugh E.},
 title = {Fast generation of result snippets in web search},
 booktitle = {SIGIR},
 year = {2007},
 pages = {127--134},
 numpages = {8},
}

@misc{GoogleAdv,
Author={{Google Corporation}},
Howpublished={\url{http://www.google.com/advanced_search}},
Title={Google advanced search},
}

@misc{Oracle2010,
Author={{Oracle Corporation}},
Title={Oracle Exadata White Paper},
Year={2010},
}



@ARTICLE{Balasubramonian14,
author={Balasubramonian, Rajeev and Chang, Jichuan and Manning, Troy and Moreno, Jaime H. and Murphy, Richard and Nair, Ravi and Swanson, Steven},
journal={Micro, IEEE},
title={Near-Data Processing: Insights from a MICRO-46 Workshop},
year={2014},
volume={34},
number={4},
pages={36--42},}

@inproceedings{Chen2011ERE,
 author = {Chen, Feng and Lee, Rubao and Zhang, Xiaodong},
 title = {Essential Roles of Exploiting Internal Parallelism of Flash Memory Based Solid State Drives in High-speed Data Processing},
 booktitle = {HPCA},
 year = {2011},
 pages = {266--277},
}

@misc{Julich13,
Author={{J\"{u}lich Research Center}},
Howpublished={\url{http://cacm.acm.org/news/169841-blue-gene-active-storage-boosts-i-o-performance-at-jsc}},
Title={Blue Gene Active Storage boosts I/O performance at JSC},
year = {2013}
}


@inproceedings{Cho2013ADM,
 author = {Cho, Sangyeun and Park, Chanik and Oh, Hyunok and Kim, Sungchan and Yi, Youngmin and Ganger, Gregory R.},
 title = {Active Disk Meets Flash: A Case for Intelligent SSDs},
 booktitle = {ICS},
 year = {2013},
 pages = {91--102},
}

@article{Li2010TIS,
 author = {Li, Yinan and He, Bingsheng and Yang, Robin Jun and Luo, Qiong and Yi, Ke},
 title = {Tree Indexing on Solid State Drives},
 journal = {Proc. VLDB Endow.},
 volume = {3},
 number = {1-2},
 year = {2010},
 pages = {1195--1206},
}


@article{WoodsIA14,
  author    = {Louis Woods and
               Zsolt Istv{\'{a}}n and
               Gustavo Alonso},
  title     = {Ibex - An Intelligent Storage Engine with Support for Advanced {SQL}
               Off-loading},
  journal   = {{PVLDB}},
  year      = {2014},
  volume    = {7},
  number    = {11},
  pages     = {963--974},
}

@inproceedings {Sudharsan14,
author = {Sudharsan Seshadri and Mark Gahagan and Sundaram Bhaskaran and Trevor Bunker and Arup De and Yanqin Jin and Yang Liu and Steven Swanson},
title = {Willow: A User-Programmable SSD},
booktitle = {OSDI},
year = {2014},
pages = {67--80},
}

@inproceedings{Coburn2013AMT,
 author = {Coburn, Joel and Bunker, Trevor and Schwarz, Meir and Gupta, Rajesh and Swanson, Steven},
 title = {From ARIES to MARS: Transaction Support for Next-generation, Solid-state Drives},
 booktitle = {SOSP},
 year = {2013},
 pages = {197--212},
}

@inproceedings{BaeKKOP13,
  author    = {Duck{-}Ho Bae and
               Jin{-}Hyung Kim and
               Sang{-}Wook Kim and
               Hyunok Oh and
               Chanik Park},
  title     = {Intelligent {SSD:} a turbo for big data mining},
  booktitle = {CIKM},
  year      = {2013},
  pages     = {1573--1576},
}

@inproceedings{De2013,
 author = {De, Arup and Gokhale, Maya and Gupta, Rajesh and Swanson, Steven},
 title = {Minerva: Accelerating Data Analysis in Next-Generation SSDs},
 booktitle = {FCCM},
 year = {2013},
 pages = {9--16},
}




@inproceedings{Caulfield2010,
 author = {Caulfield, Adrian M. and De, Arup and Coburn, Joel and Mollow, Todor I. and Gupta, Rajesh K. and Swanson, Steven},
 title = {Moneta: A High-Performance Storage Array Architecture for Next-Generation, Non-volatile Memories},
 booktitle = {MICRO},
 year = {2010},
 pages = {385--395},
}


@inproceedings {Young14,
author = {Young-Sik Lee and Luis Cavazos Quero and Youngjae Lee and Jin-Soo Kim and Seungryoul Maeng},
title = {Accelerating External Sorting via On-the-fly Data Merge in Active SSDs},
booktitle = {HotStorage},
year = {2014},
}


@inproceedings{Woods2013LWM,
 author = {Woods, Louis and Teubner, Jens and Alonso, Gustavo},
 title = {Less Watts, More Performance: An Intelligent Storage Engine for Data Appliances},
 booktitle = {SIGMOD},
 year = {2013},
 pages = {1073--1076},
}

@inproceedings{KimOPCL11,
  author    = {Sungchan Kim and
               Hyunok Oh and
               Chanik Park and
               Sangyeun Cho and
               Sang{-}Won Lee},
  title     = {Fast, Energy Efficient Scan inside Flash Memory},
  booktitle = {ADMS},
  year      = {2011},
  pages     = {36--43},
}

@inproceedings{Su1975,
 author = {Su, Stanley Y. W. and Lipovski, G. Jack},
 title = {CASSM: A Cellular System for Very Large Data Bases},
 booktitle = {VLDB},
 year = {1975},
 pages = {456--472},
}

@article{Ozkarahan1977,
 author = {Ozkarahan, E. A. and Schuster, S. A. and Sevcik, K. C.},
 title = {Performance Evaluation of a Relational Associative Processor},
 journal = {ACM Trans. Database Syst.},
 volume = {2},
 number = {2},
 year = {1977},
 pages = {175--195},
}

@inproceedings{Kannan1978,
 author = {Kannan, Krishnamurthi},
 title = {The Design of a Mass Memory for a Database Computer},
 booktitle = {ISCA},
 year = {1978},
 pages = {44--51},
}

@inproceedings{LeilichSZ78,
  author    = {Hans{-}Otto Leilich and
               G{\"{u}}nther Stiege and
               Hans Christoph Zeidler},
  title     = {A Search Processor for Data Base Management Systems},
  booktitle = {VLDB},
  year      = {1978},
  pages     = {280--287},
}


@inproceedings{Acharya1998ADP,
 author = {Acharya, Anurag and Uysal, Mustafa and Saltz, Joel},
 title = {Active Disks: Programming Model, Algorithms and Evaluation},
 booktitle = {ASPLOS},
 year = {1998},
 pages = {81--91},
}


@article{Keeton1998,
 author = {Keeton, Kimberly and Patterson, David A. and Hellerstein, Joseph M.},
 title = {A Case for Intelligent Disks (IDISKs)},
 journal = {SIGMOD Rec.},
 volume = {27},
 number = {3},
 year = {1998},
 pages = {42--52},
}

@inproceedings{Steve12,
 author = {Steven Swanson},
 title = {Redrawing the Boundary Between software and Storage for Fast Non-Volatile Memories},
 booktitle = {DaMoN},
 year = {2012},
}

@inproceedings{Dean2009,
 author = {Dean, Jeffrey},
 title = {Challenges in building large-scale information retrieval systems: invited talk},
 booktitle = {WSDM},
 year = {2009},
}

@article{ZM06,
 author = {Zobel, Justin and Moffat, Alistair},
 title = {Inverted files for text search engines},
 journal = {CSUR},
 volume = {38},
 issue = {2},
 year = {2006},
}

@inproceedings{Dean2009,
 author = {Dean, Jeffrey},
 title = {Challenges in building large-scale information retrieval systems: invited talk},
 booktitle = {WSDM},
 year = {2009},
}




@inproceedings{Demaine2000ASI,
 author = {Demaine, Erik D. and L\'{o}pez-Ortiz, Alejandro and Munro, J. Ian},
 title = {Adaptive Set Intersections, Unions, and Differences},
 booktitle = {SODA},
 year = {2000},
 pages = {743--752},
}


@inproceedings{Zhang2008,
 author = {Zhang, Jiangong and Long, Xiaohui and Suel, Torsten},
 title = {Performance of Compressed Inverted List Caching in Search Engines},
 booktitle = {WWW},
 year = {2008},
 pages = {387--396},
}


@inproceedings{Risvik2013,
 author = {Risvik, Knut Magne and Chilimbi, Trishul and Tan, Henry and Kalyanaraman, Karthik and Anderson, Chris},
 title = {Maguro, a System for Indexing and Searching over Very Large Text Collections},
 booktitle = {WSDM},
 year = {2013},
 pages = {727--736},
}

@article{Culpepper2010ESI,
 author = {Culpepper, J. Shane and Moffat, Alistair},
 title = {Efficient set intersection for inverted indexing},
 journal = {TOIS},
 volume = {29},
 number = {1},
 year = {2010},
 pages = {1--25},
}

@article{AEIoSIAfTS2009,
  author={J\'{e}r\'{e}my Barbay, Alejandro L\'{o}pez-Ortiz, Tyler Lu and Alejandro Salinger},
  title={An Experimental Investigation of Set Intersection Algorithms for Text Searching},
  journal={JEA},
  year={2009},
  volume={14},
}

@INPROCEEDINGS{Baezayates05,
    author = {Ricardo Baeza-yates and Ro Salinger and Santiago Chile},
    title = {Experimental Analysis of a Fast Intersection Algorithm for Sorted Sequences},
    booktitle = {SPIRE},
    year = {2005},
    pages = {13--24},
}

@article{Barroso2003WSP,
 author = {Barroso, Luiz Andr\'{e} and Dean, Jeffrey and H\"{o}lzle, Urs},
 title = {Web Search for a Planet: The Google Cluster Architecture},
 journal = {IEEE Micro},
 volume = {23},
 issue = {2},
 year = {2003},
 pages = {22--28},}


@INPROCEEDINGS{BaezaYates07ICDE,
author={Baeza-Yates, R. and Castillo, C. and Junqueira, F. and Plachouras, V. and Silvestri, F.},
booktitle={ICDE},
title={Challenges on Distributed Web Retrieval},
year={2007},
pages={6--20},
ISSN={},}


@article{Pugh1990,
 author = {Pugh, William},
 title = {Skip Lists: A Probabilistic Alternative to Balanced Trees},
 journal = {Commun. ACM},
 volume = {33},
 number = {6},
 year = {1990},
 pages = {668--676},
}

@article{Ding2011,
 author = {Ding, Bolin and K\"{o}nig, Arnd Christian},
 title = {Fast Set Intersection in Memory},
 journal = {Proc. VLDB Endow.},
 volume = {4},
 number = {4},
 year = {2011},
 pages = {255--266},
}

@inproceedings{Caulfield2012,
 author = {Caulfield, Adrian M. and Mollov, Todor I. and Eisner, Louis Alex and De, Arup and Coburn, Joel and Swanson, Steven},
 title = {Providing Safe, User Space Access to Fast, Solid State Disks},
 booktitle = {ASPLOS},
 year = {2012},
 pages = {387--400},
}

@inproceedings{Ruyue2010,
    author = {Ruyue Ma},
    title = {Baidu Distributed Database},
    booktitle = {SACC},
    year = {2010},
}

@inproceedings{Carmel2001,
 author = {Carmel, David and Cohen, Doron and Fagin, Ronald and Farchi, Eitan and Herscovici, Michael and Maarek, Yoelle S. and Soffer, Aya},
 title = {Static Index Pruning for Information Retrieval Systems},
 booktitle = {SIGIR},
 year = {2001},
 pages = {43--50},
}


@inproceedings{Anh2001,
 author = {Anh, Vo Ngoc and de Kretser, Owen and Moffat, Alistair},
 title = {Vector-space Ranking with Effective Early Termination},
 booktitle = {SIGIR},
 year = {2001},
 pages = {35--42},
}

@book{GarciaMolina2008,
 author = {Garcia-Molina, Hector and Ullman, Jeffrey D. and Widom, Jennifer},
 title = {Database Systems: The Complete Book},
 year = {2008},
 publisher = {Prentice Hall Press},
}


@article{Rao2013BNF,
 author = {Rao, Weixiong and Chen, Lei and Hui, Pan and Tarkoma, Sasu},
 title = {Bitlist: New Full-text Index for Low Space Cost and Efficient Keyword Search},
 journal = {Proc. VLDB Endow.},
 volume = {6},
 number = {13},
 year = {2013},
 pages = {1522--1533},
}

@article{FontouraJLVZZ11,
  author    = {Marcus Fontoura and
               Vanja Josifovski and
               Jinhui Liu and
               Srihari Venkatesan and
               Xiangfei Zhu and
               Jason Y. Zien},
  title     = {Evaluation Strategies for Top-k Queries over Memory-Resident Inverted
               Indexes},
  journal   = {{PVLDB}},
  year      = {2011},
  volume    = {4},
  number    = {12},
  pages     = {1213--1224},
}


@inproceedings{DLMI01,
 author = {Demaine, Erik D. and L\'{o}pez-Ortiz, Alejandro and Munro, J. Ian},
 title = {Experiments on Adaptive Set Intersections for Text Retrieval Systems},
 booktitle = {ALENEX},
 year = {2001},
 pages = {91--104},
}


@book{M08,
 author = {Manning, Christopher D. and Raghavan, Prabhakar and Schtze, Hinrich},
 title = {Introduction to Information Retrieval},
 year = {2008},
 publisher = {Cambridge University Press},
}

@inproceedings{Robertson1994,
 author = {Robertson, S. E. and Walker, S.},
 title = {Some Simple Effective Approximations to the 2-Poisson Model for Probabilistic Weighted Retrieval},
 booktitle = {SIGIR},
 year = {1994},
 pages = {232--241},
}


@inproceedings{Venkatesh2010,
 author = {Venkatesh, Ganesh and Sampson, Jack and Goulding, Nathan and Garcia, Saturnino and Bryksin, Vladyslav and Lugo-Martinez, Jose and Swanson, Steven and Taylor, Michael Bedford},
 title = {Conservation Cores: Reducing the Energy of Mature Computations},
 booktitle = {ASPLOS},
 year = {2010},
 pages = {205--218},
}

@article{Chung2009SFT,
 author = {Chung, Tae-Sun and Park, Dong-Joo and Park, Sangwon and Lee, Dong-Ho and Lee, Sang-Won and Song, Ha-Joo},
 title = {A Survey of Flash Translation Layer},
 journal = {J. Syst. Archit.},
 volume = {55},
 number = {5-6},
 year = {2009},
 pages = {332--343},
}


@inproceedings{Wang2013ISS,
 author = {Wang, Jianguo and Lo, Eric and Yiu, Man Lung and Tong, Jiancong and Wang, Gang and Liu, Xiaoguang},
 title = {The Impact of Solid State Drive on Search Engine Cache Management},
 booktitle = {SIGIR},
 year = {2013},
 pages = {693--702},
}

@inproceedings{Ouyang2014SSF,
 author = {Ouyang, Jian and Lin, Shiding and Jiang, Song and Hou, Zhenyu and Wang, Yong and Wang, Yuanzheng},
 title = {SDF: Software-defined Flash for Web-scale Internet Storage Systems},
 booktitle = {ASPLOS},
 year = {2014},
 pages = {471--484},
}
